<?xml version="1.0" encoding="UTF-8"?><record xmlns="http://www.loc.gov/MARC21/slim" xmlns:cinclude="http://apache.org/cocoon/include/1.0" xmlns:zs="http://www.loc.gov/zing/srw/">
  <leader>00345nz  a2200133n  4500</leader>
  <controlfield tag="001">no 95025480 </controlfield>
  <controlfield tag="003">DLC</controlfield>
  <controlfield tag="005">19950525052107.3</controlfield>
  <controlfield tag="008">950524n| acannaab|          |n aaa     c</controlfield>
  <datafield tag="010" ind1=" " ind2=" ">
    <subfield code="a">no 95025480 </subfield>
  </datafield>
  <datafield tag="035" ind1=" " ind2=" ">
    <subfield code="a">(OCoLC)oca03843453 </subfield>
  </datafield>
  <datafield tag="040" ind1=" " ind2=" ">
    <subfield code="a">OCl</subfield>
    <subfield code="c">OCl</subfield>
  </datafield>
  <datafield tag="100" ind1="1" ind2="0">
    <subfield code="a">Ratner, B.</subfield>
  </datafield>
  <datafield tag="670" ind1=" " ind2=" ">
    <subfield code="a">Vybrani partiiĚ shakhistiv UkraiĚny, 1952:</subfield>
    <subfield code="b">t.p. (B. Ratner)</subfield>
  </datafield>
</record>